@misc{infowester,
 title   ={O que é Internet das Coisas (Internet of Things)?},
 url     ={https://www.infowester.com/iot.php},
 organization={INFOWESTER},
 urlaccessdate={26 Agosto. 2018}
}
@misc{ssp,
 title   ={DADOS ESTATISTICOS DO ESTADO DE SÃO PAULO},
 url     ={http://www.ssp.sp.gov.br/Estatistica/Pesquisa.aspx},
 organization={Secretaria de Estado da Segurança Pública},
 urlaccessdate={Maio. 2018}
}
@misc{flipflop,
 title   ={O QUE É ARDUINO?},
 url     ={https://www.filipeflop.com/blog/o-que-e-arduino/},
 organization={FLIPFLOP},
 urlaccessdate={Maio. 2018}
}
@misc{qtdoc,
 title   ={AT COMMANDS},
 url     ={https://doc.qt.io/archives/qtextended4.4/atcommands.html},
 organization={QT DOCUMENTATION},
 urlaccessdate={Agosto. 2018}
}
@misc{qtdoc,
 title   ={SIM 808},
 url     ={http://simcomm2m.com/En/module/detail.aspx?id=137},
 organization={SIMCOM},
 urlaccessdate={Agosto. 2018}
}
@online{WinNT,
  author = {MultiMedia LLC},
  title = {{MS Windows NT} Kernel Description},
  year = 1999,
  url = {http://web.archive.org/web/20080207010024/http://www.808multimedia.com/winnt/kernel.htm},
  urldate = {2010-09-30}
}
